@misc{test2,
    author="{Mathuranathan Viswanathan}",
	title = "Log Distance Path Loss or Log Normal Shadowing Model",
	url = "http://www.gaussianwaves.com/2013/09/log-distance-path-loss-or-log-normal-shadowing-model/",
	year = "2013",
	note = "[Online, accessed 1-July-2018]"
}

@misc{ekahau,
  title={Location estimation in wireless telecommunication networks},
  author={Myllym{\"a}ki, Petri and Tirri, Henry and Kontkanen, Petri and Lahtinen, Jussi and Silander, Tomi and Roos, Teemu and Tuominen, Antti and Valtonen, Kimmo and Wettig, Hannes},
  year={2007},
  month=jun # "~5",
  publisher={Google Patents},
  note={US Patent 7,228,136}
}

@article{zhang15,
  title={Wireless localization based on RSSI fingerprint feature vector},
  author={Zhang, Aiguo and Yuan, Ying and Wu, Qunyong and Zhu, Shunzhi and Deng, Jian},
  journal={International Journal of Distributed Sensor Networks},
  year={2015},
  publisher={SAGE PublicationsSage UK: London, England}
}

@inproceedings{RSSI_Analysis,
  title={Evaluation of the reliability of RSSI for indoor localization},
  author={Dong, Qian and Dargie, Waltenegus},
  booktitle={Wireless Communications in Unusual and Confined Areas (ICWCUCA), 2012 International Conference on},
  pages={1--6},
  year={2012},
  organization={IEEE}
}

@book{seybold2005introduction,
  title={Introduction to RF propagation},
  author={Seybold, John S},
  year={2005},
  publisher={John Wiley \& Sons}
}

@inproceedings{under,
  title={RSSI is under appreciated},
  author={Levis, KSAP},
  booktitle={Proceedings of the Third Workshop on Embedded Networked Sensors, Cambridge, MA, USA},
  volume={3031},
  pages={239242},
  year={2006}
}
@inproceedings{yang2009indoor,
  title={Indoor localization using improved rss-based lateration methods},
  author={Yang, Jie and Chen, Yingying},
  booktitle={Global Telecommunications Conference, 2009. GLOBECOM 2009. IEEE},
  pages={1--6},
  year={2009},
  organization={IEEE}
}
@inproceedings{krishnan2014robust,
  title={A Robust Approach for Maintenance and Refactoring of Indoor Radio Maps},
  author={Krishnan, Prasanth and Krishnakumar, Sowmyanarayanan and Seshadri, Raghav and Balasubramanian, Vidhya},
  booktitle={International Conference on Ad-Hoc Networks and Wireless},
  pages={360--373},
  year={2014},
  organization={Springer}
}
@inproceedings{chandrasekaran2015inplace,
  title={InPLaCE RFID: Indoor path loss translation for object localization in cluttered environments},
  author={Chandrasekaran, Vishal and Narayan, Keshav and Vasani, Romil Kumar and Balasubramanian, Vidhya},
  booktitle={Intelligent Sensors, Sensor Networks and Information Processing (ISSNIP), 2015 IEEE Tenth International Conference on},
  pages={1--6},
  year={2015},
  organization={IEEE}
}

@inproceedings{test4,
  title={WiFi-SLAM Using Gaussian Process Latent Variable Models.},
  author={Ferris, Brian and Fox, Dieter and Lawrence, Neil D},
  booktitle={IJCAI},
  volume={7},
  pages={2480--2485},
  year={2007}
}

@article{Malguki,
  title={Malguki: an RSSI based ad hoc location algorithm},
  author={Arias, Jagoba and Zuloaga, Aitzol and L{\'a}zaro, Jes{\'u}s and Andreu, Jon and Astarloa, Armando},
  journal={Microprocessors and Microsystems},
  volume={28},
  number={8},
  pages={403--409},
  year={2004},
  publisher={Elsevier}
}

@article{AOA,
  title={Angle of arrival estimation using RSSI and omnidirectional rotatable antennas},
  author={Malajner, Marko and Planinsic, Peter and Gleich, Du{\v{s}}an},
  journal={IEEE Sensors Journal},
  volume={12},
  number={6},
  pages={1950--1957},
  year={2012},
  publisher={IEEE}
}


@inproceedings{propagation,
  title={Finding a closest match between Wi-Fi propagation measurements and models},
  author={Soorty, Burjiz and Sarkar, Nurul I},
  booktitle={Computer Science and Engineering (APWC on CSE), 2015 2nd Asia-Pacific World Congress on},
  pages={1--6},
  year={2015},
  organization={IEEE}
}
@inproceedings{fusion,
  title={A fusion method based on bluetooth and wlan technologies for indoor location},
  author={Aparicio, Sof{\'\i}a and P{\'e}rez, Javier and Bernardos, Ana M and Casar, Jos{\'e} R},
  booktitle={Multisensor Fusion and Integration for Intelligent Systems, 2008. MFI 2008. IEEE International Conference on},
  pages={487--491},
  year={2008},
  organization={IEEE}
}

@inproceedings{compass,
  title={Compass: A probabilistic indoor positioning system based on 802.11 and digital compasses},
  author={King, Thomas and Kopf, Stephan and Haenselmann, Thomas and Lubberger, Christian and Effelsberg, Wolfgang},
  booktitle={Proceedings of the 1st international workshop on Wireless network testbeds, experimental evaluation \& characterization},
  pages={34--40},
  year={2006},
  organization={ACM}
}

@article{DCE,
  title={A distributed RSS-based localization using a dynamic circle expanding mechanism},
  author={Jiang, Joe-Air and Zheng, Xiang-Yao and Chen, Yu-Fan and Wang, Chien-Hao and Chen, Po-Tang and Chuang, Cheng-Long and Chen, Chia-Pang},
  journal={IEEE Sensors Journal},
  volume={13},
  number={10},
  pages={3754--3766},
  year={2013},
  publisher={IEEE}
}
@article{barshan1992bat,
  title={A bat-like sonar system for obstacle localization},
  author={Barshan, Billur and Kuc, Roman},
  journal={IEEE Transactions on Systems, Man, and Cybernetics},
  volume={22},
  number={4},
  pages={636--646},
  year={1992},
  publisher={IEEE}
}
@article{want1992active,
  title={The active badge location system},
  author={Want, Roy and Hopper, Andy and Falcao, Veronica and Gibbons, Jonathan},
  journal={ACM Transactions on Information Systems (TOIS)},
  volume={10},
  number={1},
  pages={91--102},
  year={1992},
  publisher={ACM}
}
@inproceedings{bahl2000radar,
  title={RADAR: An in-building RF-based user location and tracking system},
  author={Bahl, Paramvir and Padmanabhan, Venkata N},
  booktitle={INFOCOM 2000. Nineteenth Annual Joint Conference of the IEEE Computer and Communications Societies. Proceedings. IEEE},
  volume={2},
  pages={775--784},
  year={2000},
  organization={Ieee}
}
@inproceedings{azizyan2009surroundsense,
  title={SurroundSense: mobile phone localization via ambience fingerprinting},
  author={Azizyan, Martin and Constandache, Ionut and Roy Choudhury, Romit},
  booktitle={Proceedings of the 15th annual international conference on Mobile computing and networking},
  pages={261--272},
  year={2009},
  organization={ACM}
}
@article{farid2013recent,
  title={Recent advances in wireless indoor localization techniques and system},
  author={Farid, Zahid and Nordin, Rosdiadee and Ismail, Mahamod},
  journal={Journal of Computer Networks and Communications},
  volume={2013},
  year={2013},
  publisher={Hindawi Publishing Corporation}
}
@article{ni2004landmarc,
  title={LANDMARC: indoor location sensing using active RFID},
  author={Ni, Lionel M and Liu, Yunhao and Lau, Yiu Cho and Patil, Abhishek P},
  journal={Wireless networks},
  volume={10},
  number={6},
  pages={701--710},
  year={2004},
  publisher={Springer-Verlag New York, Inc.}
}
@article{ledlie2012mole,
  title={Mol{\'e}: a scalable, user-generated WiFi positioning engine},
  author={Ledlie, Jonathan and Park, Jun-geun and Curtis, Dorothy and Cavalcante, Andr{\'e} and Camara, Leonardo and Costa, Afonso and Vieira, Robson},
  journal={Journal of Location Based Services},
  volume={6},
  number={2},
  pages={55--80},
  year={2012},
  publisher={Taylor \& Francis}
}
@article{marquardt1963algorithm,
  title={An algorithm for least-squares estimation of nonlinear parameters},
  author={Marquardt, Donald W},
  journal={Journal of the society for Industrial and Applied Mathematics},
  volume={11},
  number={2},
  pages={431--441},
  year={1963},
  publisher={SIAM}
}
@inproceedings{li2012Intertial1,
  title={A reliable and accurate indoor localization method using phone inertial sensors},
  author={Li, Fan and Zhao, Chunshui and Ding, Guanzhong and Gong, Jian and Liu, Chenxing and Zhao, Feng},
  booktitle={Proceedings of the 2012 ACM Conference on Ubiquitous Computing},
  pages={421--430},
  year={2012},
  organization={ACM}
}
@inproceedings{qian2013Intertial2,
  title={An improved indoor localization method using smartphone inertial sensors},
  author={Qian, Jiuchao and Ma, Jiabin and Ying, Rendong and Liu, Peilin and Pei, Ling},
  booktitle={Indoor Positioning and Indoor Navigation (IPIN), 2013 International Conference on},
  pages={1--7},
  year={2013},
  organization={IEEE}
}
@inproceedings{roxin2007survey,
  title={Survey of wireless geolocation techniques},
  author={Roxin, Ana and Gaber, Jaafar and Wack, Maxime and Nait-Sidi-Moh, A},
  booktitle={Globecom Workshops, 2007 IEEE},
  pages={1--9},
  year={2007},
  organization={IEEE}
}
@inproceedings{priyantha2000cricket,
  title={The cricket location-support system},
  author={Priyantha, Nissanka B and Chakraborty, Anit and Balakrishnan, Hari},
  booktitle={Proceedings of the 6th annual international conference on Mobile computing and networking},
  pages={32--43},
  year={2000},
  organization={ACM}
}


@article{yin2008LEMT,
  title={Learning adaptive temporal radio maps for signal-strength-based location estimation},
  author={Yin, Jie and Yang, Qiang and Ni, Lionel M},
  journal={IEEE Transactions on Mobile Computing},
  volume={7},
  number={7},
  pages={869--883},
  year={2008},
  publisher={IEEE}
}
@inproceedings{kaemarungsi2004RSSIproperties,
  title={Properties of indoor received signal strength for WLAN location fingerprinting},
  author={Kaemarungsi, Kamol and Krishnamurthy, Prashant},
  booktitle={Mobile and Ubiquitous Systems: Networking and Services, 2004. MOBIQUITOUS 2004. The First Annual International Conference on},
  pages={14--23},
  year={2004},
  organization={IEEE}
}
@inproceedings{badawy2007RSSidecision,
  title={Decision tree approach to estimate user location in WLAN based on location fingerprinting},
  author={Badawy, Osama Mohamed and Hasan, Moustafa Ahmed Bani},
  booktitle={Radio Science Conference, 2007. NRSC 2007. National},
  pages={1--10},
  year={2007},
  organization={IEEE}
}

@inproceedings{TDOA,
  title={Different sensor placement strategies for TDOA based localization},
  author={Yang, Bin},
  booktitle={Acoustics, Speech and Signal Processing, 2007. ICASSP 2007. IEEE International Conference on},
  volume={2},
  pages={II--1093},
  year={2007},
  organization={IEEE}
}
@techreport{hightower2000spoton,
  title={SpotON: An indoor 3D location sensing technology based on RF signal strength},
  author={Hightower, Jeffrey and Want, Roy and Borriello, Gaetano},
  year={2000},
  institution={UW CSE}
}

@article{tarrio2011LeastSqaures,
  title={Weighted least squares techniques for improved received signal strength based localization},
  author={Tarr{\'\i}o, Paula and Bernardos, Ana M and Casar, Jos{\'e} R},
  journal={Sensors},
  volume={11},
  number={9},
  pages={8569--8592},
  year={2011},
  publisher={Molecular Diversity Preservation International}
}

@article{TOA,
  title={A survey on TOA based wireless localization and NLOS mitigation techniques},
  author={Guvenc, Ismail and Chong, Chia-Chin},
  journal={IEEE Communications Surveys \& Tutorials},
  volume={11},
  number={3},
  year={2009},
  publisher={IEEE}
}

@inproceedings{Analysis_RSSI,
  title={Experimental analysis of RSSI for distance and position estimation},
  author={Daiya, Vinita and Ebenezer, Jemimah and Murty, SAV Satya and Raj, Baldev},
  booktitle={Recent Trends in Information Technology (ICRTIT), 2011 International Conference on},
  pages={1093--1098},
  year={2011},
  organization={IEEE}
}

@article{kaemarungsi2012analysis,
  title={Analysis of WLAN’s received signal strength indication for indoor location fingerprinting},
  author={Kaemarungsi, Kamol and Krishnamurthy, Prashant},
  journal={Pervasive and mobile computing},
  volume={8},
  number={2},
  pages={292--316},
  year={2012},
  publisher={Elsevier}
}

@misc{CiscoLocation,
  title={Wi-Fi Location-Based Services 4.1 Design Guide},
  author={Cisco Systems, Inc},
  year={2008}
}

@inproceedings{li2000comparison,
  title={Comparison of indoor geolocation methods in DSSS and OFDM wireless LAN systems},
  author={Li, Xinrong and Pahlavan, Kaveh and Latva-aho, Matti and Ylianttila, Mika},
  booktitle={Vehicular Technology Conference, 2000. IEEE-VTS Fall VTC 2000. 52nd},
  volume={6},
  pages={3015--3020},
  year={2000},
  organization={IEEE}
}
@inproceedings{yamasaki2005tdoa,
  title={TDOA location system for IEEE 802.11 b WLAN},
  author={Yamasaki, Ryota and Ogino, Atsushi and Tamaki, Tsuyoshi and Uta, Takaki and Matsuzawa, Naoto and Kato, Takeshi},
  booktitle={Wireless Communications and Networking Conference, 2005 IEEE},
  volume={4},
  pages={2338--2343},
  year={2005},
  organization={IEEE}
}
@inproceedings{shanmugaapriyan2014pragmatic,
  title={A pragmatic approach for effective indoor localization using IEEE 802.11 n},
  author={Shanmugaapriyan, P and Chitra, H and Aiswarya, E and Balasubramanian, Vidhya and Kumar, S Ashok},
  booktitle={International Conference on Ad-Hoc Networks and Wireless},
  pages={203--216},
  year={2014},
  organization={Springer}
}
@article{sarkar2003survey,
  title={A survey of various propagation models for mobile communication},
  author={Sarkar, Tapan K and Ji, Zhong and Kim, Kyungjung and Medouri, Abdellatif and Salazar-Palma, Magdalena},
  journal={IEEE Antennas and propagation Magazine},
  volume={45},
  number={3},
  pages={51--82},
  year={2003},
  publisher={IEEE}
}

@inproceedings{soorty2015finding,
  title={Finding a closest match between Wi-Fi propagation measurements and models},
  author={Soorty, Burjiz and Sarkar, Nurul I},
  booktitle={Computer Science and Engineering (APWC on CSE), 2015 2nd Asia-Pacific World Congress on},
  pages={1--6},
  year={2015},
  organization={IEEE}
}
@inproceedings{srinivasa2009path,
  title={Path loss exponent estimation in large wireless networks},
  author={Srinivasa, Sunil and Haenggi, Martin},
  booktitle={Information Theory and Applications Workshop, 2009},
  pages={124--129},
  year={2009},
  organization={IEEE}
}

@ARTICLE{4343996,
author={H. Liu and H. Darabi and P. Banerjee and J. Liu},
journal={IEEE Transactions on Systems, Man, and Cybernetics, Part C (Applications and Reviews)},
title={Survey of Wireless Indoor Positioning Techniques and Systems},
year={2007},
volume={37},
number={6},
pages={1067-1080},
keywords={indoor radio;radiowave propagation;location fingerprinting;wireless indoor positioning technique;Automation;Costs;Fingerprint recognition;Image analysis;Inventory management;Object detection;Radio frequency;Robustness;Scalability;Wireless sensor networks;Indoor location sensing;location fingerprinting;positioning algorithm;radio frequency (RF);wireless localization},
doi={10.1109/TSMCC.2007.905750},
ISSN={1094-6977},
month={Nov},}

@article{Xiao:2016:SWI:2966278.2933232,
 author = {Xiao, Jiang and Zhou, Zimu and Yi, Youwen and Ni, Lionel M.},
 title = {A Survey on Wireless Indoor Localization from the Device Perspective},
 journal = {ACM Comput. Surv.},
 issue_date = {November 2016},
 volume = {49},
 number = {2},
 month = jun,
 year = {2016},
 issn = {0360-0300},
 pages = {25:1--25:31},
 articleno = {25},
 numpages = {31},
 url = {http://doi.acm.org/10.1145/2933232},
 doi = {10.1145/2933232},
 acmid = {2933232},
 publisher = {ACM},
 address = {New York, NY, USA},
 keywords = {Wireless indoor localization, channel state information, device based, device free},
} 

@ARTICLE{4796924,
author={Y. Gu and A. Lo and I. Niemegeers},
journal={IEEE Communications Surveys Tutorials},
title={A survey of indoor positioning systems for wireless personal networks},
year={2009},
volume={11},
number={1},
pages={13-32},
keywords={personal area networks;protocols;commercial products;indoor positioning systems;location-aware services;location-based protocols;research-oriented solutions;user applications;wireless personal networks;Availability;Context-aware services;Global Positioning System;Hospitals;Indoor environments;Infrared sensors;Navigation;Protocols;Radiofrequency identification;Wireless networks;Personal Networks, Indoor Positioning Systems, Location Techniques},
doi={10.1109/SURV.2009.090103},
ISSN={1553-877X},
month={First},}

@article{Hossain20151,
  title={A survey of calibration-free indoor positioning systems},
  author={Hossain, AKM Mahtab and Soh, Wee-Seng},
  journal={Computer Communications},
  volume={66},
  pages={1--13},
  year={2015},
  publisher={Elsevier}
}


@ARTICLE{5066966,
author={Z. Yang and Y. Liu},
journal={IEEE Transactions on Parallel and Distributed Systems},
title={Quality of Trilateration: Confidence-Based Iterative Localization},
year={2010},
volume={21},
number={5},
pages={631-640},
keywords={iterative methods;mobile computing;noise measurement;wireless sensor networks;confidence-based iterative localization;mobile devices;multilateration;noisy range measurement;quality of trilateration;wireless devices;wireless sensor networks;Localization;noisy range measurements;trilateration;wireless ad-hoc and sensor networks.},
doi={10.1109/TPDS.2009.90},
ISSN={1045-9219},
month={May},}